<record><leader>00000cas a2200000 a 4500</leader><controlfield tag="001">11821410</controlfield><controlfield tag="008">850319d18791883ksuwr ne      0   a0eng d</controlfield><datafield ind1=" " ind2=" " tag="010"><subfield code="a">sn 85029099 </subfield></datafield><datafield ind1=" " ind2=" " tag="040"><subfield code="a">KSH</subfield><subfield code="b">eng</subfield><subfield code="c">KSH</subfield><subfield code="d">NPT</subfield><subfield code="d">OCL</subfield><subfield code="d">OCLCQ</subfield></datafield><datafield ind1=" " ind2=" " tag="042"><subfield code="a">msc</subfield></datafield><datafield ind1="0" ind2="0" tag="245"><subfield code="a">Oskaloosa weekly sickle.</subfield></datafield><datafield ind1=" " ind2=" " tag="260"><subfield code="a">Oskaloosa, Kan. :</subfield><subfield code="b">B.R. Wilson,</subfield><subfield code="c">1879-1883.</subfield></datafield><datafield ind1=" " ind2=" " tag="300"><subfield code="a">3 v. ;</subfield><subfield code="c">55-60 cm.</subfield></datafield><datafield ind1=" " ind2=" " tag="310"><subfield code="a">Weekly</subfield></datafield><datafield ind1="0" ind2=" " tag="362"><subfield code="a">Vol. 7, no. 19 (Feb. 8, 1879)-v. 10, no. 3 (Aug. 11, 1883).</subfield></datafield><datafield ind1=" " ind2=" " tag="500"><subfield code="a">Published by W.H. Howard, Feb. 24-Aug. 11, 1883.</subfield></datafield><datafield ind1=" " ind2=" " tag="525"><subfield code="a">Includes supplements.</subfield></datafield><datafield ind1=" " ind2=" " tag="752"><subfield code="a">United States</subfield><subfield code="b">Kansas</subfield><subfield code="c">Jefferson</subfield><subfield code="d">Oskaloosa.</subfield></datafield><datafield ind1="0" ind2="0" tag="780"><subfield code="t">Sickle and sheaf (Oskaloosa, Kan.)</subfield><subfield code="w">(DLC)sn 85029098</subfield></datafield><datafield ind1="0" ind2="0" tag="785"><subfield code="t">Oskaloosa sickle</subfield><subfield code="w">(DLC)sn 85029100</subfield></datafield></record>